<record><leader>00000cas a22000007a 4500</leader><controlfield tag="001">14119141</controlfield><controlfield tag="008">860821d18561866pauwr ne      0    0eng d</controlfield><datafield ind1=" " ind2=" " tag="010"><subfield code="a">sn 86053621 </subfield></datafield><datafield ind1=" " ind2=" " tag="040"><subfield code="a">NPX</subfield><subfield code="b">eng</subfield><subfield code="c">NPX</subfield><subfield code="d">NPH</subfield><subfield code="d">OCLCQ</subfield></datafield><datafield ind1=" " ind2=" " tag="042"><subfield code="a">msc</subfield></datafield><datafield ind1="0" ind2=" " tag="130"><subfield code="a">Manheim sentinel (Manheim, Pa. : 1856)</subfield></datafield><datafield ind1="1" ind2="0" tag="245"><subfield code="a">Manheim sentinel.</subfield></datafield><datafield ind1=" " ind2=" " tag="260"><subfield code="a">Manheim, Pa. :</subfield><subfield code="b">J.M. Ensminger,</subfield><subfield code="c">1856-1866.</subfield></datafield><datafield ind1=" " ind2=" " tag="300"><subfield code="a">v. :</subfield><subfield code="b">ill. (chiefly advertisements) ;</subfield><subfield code="c">57 cm.</subfield></datafield><datafield ind1=" " ind2=" " tag="310"><subfield code="a">Weekly</subfield></datafield><datafield ind1="0" ind2=" " tag="362"><subfield code="a">Vol. 10, no. 32 (Jan. 4, 1856)- ; -new ser. v. 9, no. 51 (Dec. 28, 1866).</subfield></datafield><datafield ind1=" " ind2=" " tag="752"><subfield code="a">United States</subfield><subfield code="b">Pennsylvania</subfield><subfield code="c">Lancaster</subfield><subfield code="d">Manheim.</subfield></datafield><datafield ind1="0" ind2="0" tag="780"><subfield code="t">Manheim Whig sentinel</subfield><subfield code="w">(DLC)sn 89077123</subfield></datafield><datafield ind1="0" ind2="5" tag="780"><subfield code="t">Lebanon Valley times</subfield><subfield code="w">(DLC)sn 86053805</subfield></datafield><datafield ind1="0" ind2="0" tag="785"><subfield code="t">Manheim sentinel. And Lancaster County advertiser</subfield><subfield code="w">(DLC)sn 84026040</subfield></datafield></record>